<record><leader>00000cas a22000007a 4500</leader><controlfield tag="001">29773904</controlfield><controlfield tag="008">940209c199u9999couwr ne      0   a0eng c</controlfield><datafield ind1=" " ind2=" " tag="010"><subfield code="a">sn 94003503 </subfield></datafield><datafield ind1=" " ind2=" " tag="040"><subfield code="a">NSD</subfield><subfield code="b">eng</subfield><subfield code="c">NSD</subfield><subfield code="d">OCLCQ</subfield></datafield><datafield ind1=" " ind2=" " tag="012"><subfield code="m">1</subfield></datafield><datafield ind1="1" ind2=" " tag="022"><subfield code="a">1074-6803</subfield><subfield code="l">1074-6803</subfield><subfield code="2">1</subfield></datafield><datafield ind1=" " ind2=" " tag="032"><subfield code="a">360260</subfield><subfield code="b">USPS</subfield></datafield><datafield ind1=" " ind2=" " tag="037"><subfield code="b">Rocky Mountain Oil Journal, 906 S. Pearl St., Denver, CO 80209</subfield></datafield><datafield ind1=" " ind2=" " tag="042"><subfield code="a">nsdp</subfield><subfield code="a">pcc</subfield></datafield><datafield ind1=" " ind2="0" tag="222"><subfield code="a">Rocky Mountain oil journal</subfield></datafield><datafield ind1="0" ind2="0" tag="245"><subfield code="a">Rocky Mountain oil journal.</subfield></datafield><datafield ind1=" " ind2=" " tag="260"><subfield code="a">Denver, CO :</subfield><subfield code="b">Montana Oil Journal, Inc.</subfield></datafield><datafield ind1=" " ind2=" " tag="300"><subfield code="a">v.</subfield></datafield><datafield ind1=" " ind2=" " tag="310"><subfield code="a">Weekly</subfield></datafield><datafield ind1=" " ind2=" " tag="588"><subfield code="a">Description based on: Vol. 74, no. 1 (Jan. 7, 1994-Jan. 13, 1994).</subfield></datafield><datafield ind1=" " ind2=" " tag="752"><subfield code="a">United States</subfield><subfield code="b">Colorado</subfield><subfield code="c">Denver</subfield><subfield code="d">Denver.</subfield></datafield><datafield ind1="0" ind2="0" tag="780"><subfield code="t">Montana oil journal (Billings, Mont.)</subfield><subfield code="x">0047-794X</subfield><subfield code="w">(DLC)sn 78005513</subfield></datafield><datafield ind1="1" ind2=" " tag="029"><subfield code="a">AU@</subfield><subfield code="b">000025870297</subfield></datafield></record>